<?xml version="1.0" encoding="UTF-8"?><record xmlns="http://www.loc.gov/MARC21/slim" xmlns:cinclude="http://apache.org/cocoon/include/1.0" xmlns:zs="http://www.loc.gov/zing/srw/">
  <leader>00685cz  a2200157n  4500</leader>
  <controlfield tag="001">n  86811873 </controlfield>
  <controlfield tag="003">DLC</controlfield>
  <controlfield tag="005">20130316084024.0</controlfield>
  <controlfield tag="008">860307n| azannaabn          |a and      </controlfield>
  <datafield tag="010" ind1=" " ind2=" ">
    <subfield code="a">n  86811873 </subfield>
  </datafield>
  <datafield tag="035" ind1=" " ind2=" ">
    <subfield code="a">(OCoLC)oca01523597</subfield>
  </datafield>
  <datafield tag="040" ind1=" " ind2=" ">
    <subfield code="a">DLC</subfield>
    <subfield code="b">eng</subfield>
    <subfield code="e">rda</subfield>
    <subfield code="c">DLC</subfield>
    <subfield code="d">DLC</subfield>
    <subfield code="d">OCoLC</subfield>
    <subfield code="d">DLC</subfield>
  </datafield>
  <datafield tag="110" ind1="1" ind2=" ">
    <subfield code="a">San Mateo County (Calif.).</subfield>
    <subfield code="b">Department of Social Services</subfield>
  </datafield>
  <datafield tag="410" ind1="1" ind2=" ">
    <subfield code="w">nnea</subfield>
    <subfield code="a">San Mateo County (Calif.).</subfield>
    <subfield code="b">Dept. of Social Services</subfield>
  </datafield>
  <datafield tag="410" ind1="1" ind2=" ">
    <subfield code="a">San Mateo County (Calif.).</subfield>
    <subfield code="b">Social Services, Department of</subfield>
  </datafield>
  <datafield tag="670" ind1=" " ind2=" ">
    <subfield code="a">nuc86-20648: Directory of human services ... 1985</subfield>
    <subfield code="b">(hdg. on CU-M rept.: San Mateo County (Calif.). Dept. of Social Services; usage: San Mateo County Department of Social Services)</subfield>
  </datafield>
</record>